<?xml version='1.0' encoding='UTF-8'?>
<record xmlns="http://www.loc.gov/MARC21/slim">
  <leader>02246cam a2200421M  4500</leader>
  <controlfield tag="001">1547895</controlfield>
  <controlfield tag="003">NjP</controlfield>
  <controlfield tag="005">20170516151656.0</controlfield>
  <controlfield tag="008">831226s1956    iq            000 0 ara d</controlfield>
  <datafield tag="024" ind1="7" ind2=" ">
    <subfield code="a">princeton_aco002471</subfield>
    <subfield code="2">local</subfield>
  </datafield>
  <datafield ind1=" " ind2=" " tag="010">
    <subfield code="a">   76970640 </subfield>
  </datafield>
  <datafield ind1=" " ind2=" " tag="035">
    <subfield code="a">(OCoLC)ocn177189682</subfield>
  </datafield>
  <datafield ind1=" " ind2=" " tag="035">
    <subfield code="a">(OCoLC)ocm21642357</subfield>
  </datafield>
  <datafield ind1=" " ind2=" " tag="040">
    <subfield code="a">PUL</subfield>
    <subfield code="c">PUL</subfield>
    <subfield code="d">PUL</subfield>
  </datafield>
  <datafield ind1=" " ind2=" " tag="035">
    <subfield code="a">(OCoLC)177189682</subfield>
  </datafield>
  <datafield ind1=" " ind2=" " tag="035">
    <subfield code="9">CEV4917TS</subfield>
  </datafield>
  <datafield ind1=" " ind2=" " tag="035">
    <subfield code="a">(NjP)1547895</subfield>
  </datafield>
  <datafield ind1=" " ind2=" " tag="079">
    <subfield code="a">ocm21642357</subfield>
    <subfield code="z">ocm40317801</subfield>
  </datafield>
  <datafield ind1=" " ind2=" " tag="049">
    <subfield code="a">PULL</subfield>
  </datafield>
  <datafield ind1="1" ind2=" " tag="100">
    <subfield code="6">880-01</subfield>
    <subfield code="a">Ibn al-Athīr, Ḍiyāʼ al-Dīn Naṣr Allāh ibn Muḥammad,</subfield>
    <subfield code="d">1163-1239.</subfield>
    <subfield code="0">http://id.loc.gov/authorities/names/n84032262</subfield>
  </datafield>
  <datafield ind1="1" ind2="0" tag="245">
    <subfield code="6">880-02</subfield>
    <subfield code="a">Jāmiʻ al-kabīr fī ṣināʻat al-manẓūm min al-kalām wa-al-manthūr /</subfield>
    <subfield code="c">taʼ;īf Ḍiyāʼ al-Dīn ibn al-Athīr al-Jazarī ; qāma bi-taḥqīqihi wa-al-taʻlīq ʻalayhi Muṣṭafá Jawād wa-Jamīl Saʻīd</subfield>
  </datafield>
  <datafield ind1=" " ind2=" " tag="260">
    <subfield code="6">880-03</subfield>
    <subfield code="a">[Baghdād :</subfield>
    <subfield code="b">al-Majmaʻ al-ʻIlmī al-ʻIrāqī],</subfield>
    <subfield code="c">1956</subfield>
  </datafield>
  <datafield ind1=" " ind2=" " tag="300">
    <subfield code="a">338 p. ;</subfield>
    <subfield code="c">25 cm</subfield>
  </datafield>
  <datafield ind1=" " ind2="0" tag="440">
    <subfield code="6">880-04</subfield>
    <subfield code="a">Maṭbūʻāt al-Majmaʻ al-ʻIlmī al-ʻIrāqī</subfield>
  </datafield>
  <datafield ind1=" " ind2=" " tag="504">
    <subfield code="a">Includes bibliographical references and indexes</subfield>
  </datafield>
  <datafield ind1=" " ind2=" " tag="500">
    <subfield code="6">880-05</subfield>
    <subfield code="a">Edited by Muṣṭafā Jawād and Jamīl Saʻīd.</subfield>
  </datafield>
  <datafield ind1=" " ind2="0" tag="650">
    <subfield code="a">Arabic language</subfield>
    <subfield code="x">Rhetoric</subfield>
    <subfield code="0">http://id.loc.gov/authorities/subjects/sh2007101225</subfield>
  </datafield>
  <datafield ind1="1" ind2=" " tag="700">
    <subfield code="6">880-06</subfield>
    <subfield code="a">Jawād, Muṣṭafá,</subfield>
    <subfield code="d">1905-1969.</subfield>
    <subfield code="0">http://id.loc.gov/authorities/names/n82235754</subfield>
  </datafield>
  <datafield ind1="1" ind2=" " tag="700">
    <subfield code="6">880-07</subfield>
    <subfield code="a">Saʻīd, Jamīl.</subfield>
  </datafield>
  <datafield ind1="1" ind2=" " tag="880">
    <subfield code="6">100-01/r</subfield>
    <subfield code="a">ابن الاثير، ضياء الدين نصر الله بن محمد،</subfield>
    <subfield code="d">1163-1239.</subfield>
  </datafield>
  <datafield ind1="1" ind2="0" tag="880">
    <subfield code="6">245-02/r</subfield>
    <subfield code="a">جامع الكبير في صناعة المنظوم من الكلام والمنثور /</subfield>
    <subfield code="c">تأ؛يف ضياء الدين بن الاثير الجزري ؛ قام بتحقيقه والتعليق عليه مصطفى جواد وجميل سعيد</subfield>
  </datafield>
  <datafield ind1=" " ind2=" " tag="880">
    <subfield code="6">260-03/r</subfield>
    <subfield code="a">[بغداد :</subfield>
    <subfield code="b">المجمع العلمي العراقي]،</subfield>
    <subfield code="c">1956</subfield>
  </datafield>
  <datafield ind1=" " ind2="0" tag="880">
    <subfield code="6">440-04/r</subfield>
    <subfield code="a">مطبوعات المجمع العلمي العراقي</subfield>
  </datafield>
  <datafield ind1=" " ind2=" " tag="880">
    <subfield code="6">500-05/r</subfield>
    <subfield code="a">صدتد بي مصطفا جواد اند جميل سعيد.</subfield>
  </datafield>
  <datafield ind1="1" ind2=" " tag="880">
    <subfield code="6">700-06/r</subfield>
    <subfield code="a">جواد، مصطفى،</subfield>
    <subfield code="d">1905-1969.</subfield>
  </datafield>
  <datafield ind1="1" ind2=" " tag="880">
    <subfield code="6">700-07/r</subfield>
    <subfield code="a">سعيد، جميل.</subfield>
  </datafield>
  <datafield ind1=" " ind2=" " tag="947">
    <subfield code="a">CEV4917</subfield>
  </datafield>
  <datafield ind1=" " ind2=" " tag="911">
    <subfield code="a">20000130</subfield>
  </datafield>
  <datafield ind1=" " ind2=" " tag="994">
    <subfield code="a">C0</subfield>
    <subfield code="b">PUL</subfield>
  </datafield>
  <datafield ind1=" " ind2=" " tag="999">
    <subfield code="a">1547895</subfield>
  </datafield>
  <datafield ind1="0" ind2="0" tag="852">
    <subfield code="0">1782409</subfield>
    <subfield code="b">nec</subfield>
    <subfield code="t">0</subfield>
    <subfield code="h">PJ6161</subfield>
    <subfield code="i">.I263 1956</subfield>
  </datafield>
  <datafield ind1=" " ind2=" " tag="959">
    <subfield code="a">2000-06-13 00:00:00 -0500</subfield>
  </datafield>
</record>
